<?xml version="1.0" encoding="UTF-8"?>
<collection xmlns:xsi="http://www.w3.org/2001/XMLSchema-instance" xsi:schemaLocation="http://www.loc.gov/MARC21/slim http://www.loc.gov/standards/marcxml/schema/MARC21slim.xsd" xmlns="http://www.loc.gov/MARC21/slim">
<record>
  <leader>01502cam a2200325 a 4500</leader>
  <controlfield tag="001">2979761</controlfield>
  <controlfield tag="003">NNC</controlfield>
  <controlfield tag="005">20150817132340.0</controlfield>
  <controlfield tag="008">890228m19559999sy f     b    001 0 araod</controlfield>
  <datafield tag="035" ind1=" " ind2=" ">
    <subfield code="a">(OCoLC)30585735</subfield>
  </datafield>
  <datafield tag="035" ind1=" " ind2=" ">
    <subfield code="a">(OCoLC)ocm30585735</subfield>
  </datafield>
  <datafield tag="035" ind1=" " ind2=" ">
    <subfield code="9">ASM6836CU</subfield>
  </datafield>
  <datafield tag="035" ind1=" " ind2=" ">
    <subfield code="a">(NNC)2979761</subfield>
  </datafield>
  <datafield tag="040" ind1=" " ind2=" ">
    <subfield code="a">NN</subfield>
    <subfield code="c">NN</subfield>
  </datafield>
  <datafield tag="043" ind1=" " ind2=" ">
    <subfield code="a">a-sy---</subfield>
  </datafield>
  <datafield tag="066" ind1=" " ind2=" ">
    <subfield code="c">(3</subfield>
  </datafield>
  <datafield tag="100" ind1="1" ind2=" ">
    <subfield code="6">880-01</subfield>
    <subfield code="a">Kātib al-Iṣfahānī, ʻImād al-Dīn Muḥammad ibn Muḥammad,</subfield>
    <subfield code="d">1125-1201.</subfield>
  </datafield>
  <datafield tag="245" ind1="1" ind2="0">
    <subfield code="6">880-02</subfield>
    <subfield code="a">Kharīdat al-Qaṣr wa-jarīdat al-ʻaṣr :</subfield>
    <subfield code="b">qism shuʻarāʾ al-Shām /</subfield>
    <subfield code="c">lil-ʻImād al-Iṣfahānī al-Kātib ; ʻuniyá bi-taḥqīqih Shukrī Fayṣal.</subfield>
  </datafield>
  <datafield tag="260" ind1=" " ind2=" ">
    <subfield code="6">880-03</subfield>
    <subfield code="a">Dimashq :</subfield>
    <subfield code="b">al-Majmaʻ al-ʻIlmī al-ʻArabī bi-Dimashq,</subfield>
    <subfield code="c">1955-</subfield>
  </datafield>
  <datafield tag="300" ind1=" " ind2=" ">
    <subfield code="a">v. :</subfield>
    <subfield code="b">facsims. ;</subfield>
    <subfield code="c">25 cm.</subfield>
  </datafield>
  <datafield tag="500" ind1=" " ind2=" ">
    <subfield code="a">In Arabic.</subfield>
  </datafield>
  <datafield tag="504" ind1=" " ind2=" ">
    <subfield code="a">Includes bibliographical references and indexes.</subfield>
  </datafield>
  <datafield tag="650" ind1=" " ind2="0">
    <subfield code="a">Arabic poetry</subfield>
    <subfield code="z">Syria</subfield>
    <subfield code="x">History and criticism.</subfield>
  </datafield>
  <datafield tag="700" ind1="1" ind2=" ">
    <subfield code="6">880-04</subfield>
    <subfield code="a">Fayṣal, Shukrī,</subfield>
    <subfield code="d">1918-1985.</subfield>
  </datafield>
  <datafield tag="880" ind1="1" ind2=" ">
    <subfield code="6">100-01/(3/r</subfield>
    <subfield code="a">عماد الدين محمد بن محمد الكاتب الأصفهاني,</subfield>
    <subfield code="d">1125-1201.</subfield>
  </datafield>
  <datafield tag="880" ind1="1" ind2="0">
    <subfield code="6">245-02/(3/r</subfield>
    <subfield code="a">خريدة القصر وجريدة العصر :</subfield>
    <subfield code="b">قسم شعراء الشام /</subfield>
    <subfield code="c">للعماد الأصفهاني الكاتب ؛ عني بتحقيقه شكري فيصل.</subfield>
  </datafield>
  <datafield tag="880" ind1=" " ind2=" ">
    <subfield code="6">260-03/(3/r</subfield>
    <subfield code="a">دمشق :</subfield>
    <subfield code="b">المجمع العلمي العربي بدمشق،</subfield>
    <subfield code="c">1955-</subfield>
  </datafield>
  <datafield tag="880" ind1="0" ind2=" ">
    <subfield code="6">700-04/(3/r</subfield>
    <subfield code="a">شكري فيصل,</subfield>
    <subfield code="d">1918-1985.</subfield>
  </datafield>
  <datafield tag="955" ind1=" " ind2=" ">
    <subfield code="b">0041021711</subfield>
    <subfield code="d">glx</subfield>
    <subfield code="e">PJ7557 .K3</subfield>
    <subfield code="v">v.2</subfield>
  </datafield>
</record>
</collection>